@misc{recommendation20081080,
  title={1080-Quality of experience requirements for IPTV services},
  author={Recommendation, ITUTG},
  year={2008},
  publisher={ITU}
}

@inproceedings{loh2020uplink,
  title={Is the uplink enough? estimating video stalls from encrypted network traffic},
  author={Loh, Frank and Wamser, Florian and Moldovan, Christian and Zeidler, Bernd and Tsilimantos, Dimitrios and Valentin, Stefan and Ho{\ss}feld, Tobias},
  booktitle={NOMS 2020-2020 IEEE/IFIP Network Operations and Management Symposium},
  pages={1--9},
  year={2020},
  organization={IEEE}
}

@inproceedings{wassermann2019let,
  title={Let me decrypt your beauty: Real-time prediction of video resolution and bitrate for encrypted video streaming},
  author={Wassermann, Sarah and Seufert, Michael and Casas, Pedro and Gang, Li and Li, Kuang},
  booktitle={2019 Network Traffic Measurement and Analysis Conference (TMA)},
  pages={199--200},
  year={2019},
  organization={IEEE}
}

@article{pearson1901liii,
  title={LIII. On lines and planes of closest fit to systems of points in space},
  author={Pearson, Karl},
  journal={The London, Edinburgh, and Dublin philosophical magazine and journal of science},
  volume={2},
  number={11},
  pages={559--572},
  year={1901},
  publisher={Taylor \& Francis}
}

@inproceedings{langley2017quic,
  title={The quic transport protocol: Design and internet-scale deployment},
  author={Langley, Adam and Riddoch, Alistair and Wilk, Alyssa and Vicente, Antonio and Krasic, Charles and Zhang, Dan and Yang, Fan and Kouranov, Fedor and Swett, Ian and Iyengar, Janardhan and others},
  booktitle={Proceedings of the conference of the ACM special interest group on data communication},
  pages={183--196},
  year={2017}
}

@inproceedings{mazhar2018real,
  title={Real-time video quality of experience monitoring for https and quic},
  author={Mazhar, M Hammad and Shafiq, Zubair},
  booktitle={IEEE INFOCOM 2018-IEEE Conference on Computer Communications},
  pages={1331--1339},
  year={2018},
  organization={IEEE}
}

@article{bronzino2019inferring,
  title={Inferring streaming video quality from encrypted traffic: Practical models and deployment experience},
  author={Bronzino, Francesco and Schmitt, Paul and Ayoubi, Sara and Martins, Guilherme and Teixeira, Renata and Feamster, Nick},
  journal={Proceedings of the ACM on Measurement and Analysis of Computing Systems},
  volume={3},
  number={3},
  pages={1--25},
  year={2019},
  publisher={ACM New York, NY, USA}
}

@inproceedings{orsolic2018youtube,
  title={Youtube qoe estimation from encrypted traffic: Comparison of test methodologies and machine learning based models},
  author={Orsolic, Irena and Suznjevic, Mirko and Skorin--Kapov, Lea},
  booktitle={2018 Tenth International Conference on Quality of Multimedia Experience (QoMEX)},
  pages={1--6},
  year={2018},
  organization={IEEE}
}

@article{gutterman2020requet,
  title={Requet: Real-time QoE metric detection for encrypted YouTube traffic},
  author={Gutterman, Craig and Guo, Katherine and Arora, Sarthak and Gilliland, Trey and Wang, Xiaoyang and Wu, Les and Katz-Bassett, Ethan and Zussman, Gil},
  journal={ACM Transactions on Multimedia Computing, Communications, and Applications (TOMM)},
  volume={16},
  number={2s},
  pages={1--28},
  year={2020},
  publisher={ACM New York, NY, USA}
}

@inproceedings{dubin2016video,
  title={Video quality representation classification of Safari encrypted DASH streams},
  author={Dubin, Ran and Hadar, Ofer and Richman, Itai and Trabelsi, Ofir and Dvir, Amit and Pele, Ofir},
  booktitle={2016 Digital Media Industry \& Academic Forum (DMIAF)},
  pages={213--216},
  year={2016},
  organization={IEEE}
}

@inproceedings{chang2021can,
  title={Can you see me now? A measurement study of Zoom, Webex, and Meet},
  author={Chang, Hyunseok and Varvello, Matteo and Hao, Fang and Mukherjee, Sarit},
  booktitle={Proceedings of the 21st ACM Internet Measurement Conference},
  pages={216--228},
  year={2021}
}

@inproceedings{macmillan2021measuring,
  title={Measuring the performance and network utilization of popular video conferencing applications},
  author={MacMillan, Kyle and Mangla, Tarun and Saxon, James and Feamster, Nick},
  booktitle={Proceedings of the 21st ACM Internet Measurement Conference},
  pages={229--244},
  year={2021}
}

@inproceedings{michel2022enabling,
  title={Enabling passive measurement of zoom performance in production networks},
  author={Michel, Oliver and Sengupta, Satadal and Kim, Hyojoon and Netravali, Ravi and Rexford, Jennifer},
  booktitle={Proceedings of the 22nd ACM Internet Measurement Conference},
  pages={244--260},
  year={2022}
}

@article{cisco2020cisco,
  title={Cisco annual internet report (2018--2023) white paper},
  author={Cisco, U},
  journal={Cisco: San Jose, CA, USA},
  volume={10},
  number={1},
  pages={1--35},
  year={2020}
}

@article{li2018vmaf,
  title={VMAF: The journey continues},
  author={Li, Zhi and Bampis, Christos and Novak, Julie and Aaron, Anne and Swanson, Kyle and Moorthy, Anush and Cock, JD},
  journal={Netflix Technology Blog},
  volume={25},
  number={1},
  year={2018}
}
@inproceedings{feldmann2020lockdown,
  title={The lockdown effect: Implications of the COVID-19 pandemic on internet traffic},
  author={Feldmann, Anja and Gasser, Oliver and Lichtblau, Franziska and Pujol, Enric and Poese, Ingmar and Dietzel, Christoph and Wagner, Daniel and Wichtlhuber, Matthias and Tapiador, Juan and Vallina-Rodriguez, Narseo and others},
  booktitle={Proceedings of the ACM internet measurement conference},
  pages={1--18},
  year={2020}
}
@article{espin2021impact,
  title={The impact of the COVID-19 pandemic on the use of remote meeting technologies},
  author={Espin, Augusto and Rojas, Christian},
  journal={Available at SSRN 3766889},
  year={2021}
}
@inproceedings{nistico2020comparative,
  title={A comparative study of RTC applications},
  author={Nistico, Antonio and Markudova, Dena and Trevisan, Martino and Meo, Michela and Carofiglio, Giovanna},
  booktitle={2020 IEEE International Symposium on Multimedia (ISM)},
  pages={1--8},
  year={2020},
  organization={IEEE}
}
@inproceedings{choi2022zoom,
  title={Zoom session quality: A network-level view},
  author={Choi, Albert and Karamollahi, Mehdi and Williamson, Carey and Arlitt, Martin},
  booktitle={International Conference on Passive and Active Network Measurement},
  pages={555--572},
  year={2022},
  organization={Springer}
}

@inproceedings{he2016deep,
  title={Deep residual learning for image recognition},
  author={He, Kaiming and Zhang, Xiangyu and Ren, Shaoqing and Sun, Jian},
  booktitle={Proceedings of the IEEE conference on computer vision and pattern recognition},
  pages={770--778},
  year={2016}
}

@article{gini1936measure,
  title={On the measure of concentration with special reference to income and statistics, Colorado College Publication},
  author={Gini, Corrado},
  journal={General series},
  volume={208},
  number={1},
  year={1936}
}

@article{mittal2012making,
  title={Making a “completely blind” image quality analyzer},
  author={Mittal, Anish and Soundararajan, Rajiv and Bovik, Alan C},
  journal={IEEE Signal processing letters},
  volume={20},
  number={3},
  pages={209--212},
  year={2012},
  publisher={IEEE}
}

@article{sheikh2006image,
  title={Image information and visual quality},
  author={Sheikh, Hamid R and Bovik, Alan C},
  journal={IEEE Transactions on image processing},
  volume={15},
  number={2},
  pages={430--444},
  year={2006},
  publisher={IEEE}
}

@article{li2011image,
  title={Image quality assessment by separately evaluating detail losses and additive impairments},
  author={Li, Songnan and Zhang, Fan and Ma, Lin and Ngan, King Ngi},
  journal={IEEE Transactions on Multimedia},
  volume={13},
  number={5},
  pages={935--949},
  year={2011},
  publisher={IEEE}
}

@article{li2016toward,
  title={Toward a practical perceptual video quality metric},
  author={Li, Zhi and Aaron, Anne and Katsavounidis, Ioannis and Moorthy, Anush and Manohara, Megha and others},
  journal={The Netflix Tech Blog},
  volume={6},
  number={2},
  pages={2},
  year={2016}
}

@inproceedings{dimopoulos2016measuring,
  title={Measuring video QoE from encrypted traffic},
  author={Dimopoulos, Giorgos and Leontiadis, Ilias and Barlet-Ros, Pere and Papagiannaki, Konstantina},
  booktitle={Proceedings of the 2016 Internet Measurement Conference},
  pages={513--526},
  year={2016}
}
@article{elfwing2018sigmoid,
  title={Sigmoid-weighted linear units for neural network function approximation in reinforcement learning},
  author={Elfwing, Stefan and Uchibe, Eiji and Doya, Kenji},
  journal={Neural networks},
  volume={107},
  pages={3--11},
  year={2018},
  publisher={Elsevier}
}
@inproceedings{ioffe2015batch,
  title={Batch normalization: Accelerating deep network training by reducing internal covariate shift},
  author={Ioffe, Sergey and Szegedy, Christian},
  booktitle={International conference on machine learning},
  pages={448--456},
  year={2015},
  organization={pmlr}
}
@misc{schulzrinne2003rfc3550,
  title={RFC3550: RTP: A transport protocol for real-time applications},
  author={Schulzrinne, Henning and Casner, Steven and Frederick, R and Jacobson, Van},
  year={2003},
  publisher={RFC Editor}
}
@article{orsolic2017machine,
  title={A machine learning approach to classifying YouTube QoE based on encrypted network traffic},
  author={Orsolic, Irena and Pevec, Dario and Suznjevic, Mirko and Skorin-Kapov, Lea},
  journal={Multimedia tools and applications},
  volume={76},
  pages={22267--22301},
  year={2017},
  publisher={Springer}
}

@article{pearson1895vii,
  title={VII. Note on regression and inheritance in the case of two parents},
  author={Pearson, Karl},
  journal={proceedings of the royal society of London},
  volume={58},
  number={347-352},
  pages={240--242},
  year={1895},
  publisher={The Royal Society London}
}
